@article{barry,
    author = {{Barry}, K.~M.},
    title = "{Recommended Standards for Digital Tape Formats}",
    journal = {Geophysics},
    year = 1975,
    month = apr,
    volume = 40,
    pages = {344},
    doi = {10.1190/1.1440530},
    adsurl = {http://adsabs.harvard.edu/abs/1975Geop...40..344B},
    adsnote = {Provided by the SAO/NASA Astrophysics Data System}
}

@book{numpy,
    author = {Oliphant, Travis},
    year = {2006},
    month = {01},
    pages = {},
    title = {Guide to NumPy}
}

@misc{pep-iterator,
    title = {{PEP 234} -- Iterators},
    author = {{Yee}, K. and {van~Rossum}, G.},
    howpublished = {\url{https://www.python.org/dev/peps/pep-0234/}},
    note = {Accessed: 2019-02-13},
    year = {2001}
}

@misc{malenov,
    title = {Malenov - machine learning of voxels},
    author = {{Ilstad}, C.~R.},
    howpublished = {\url{https://github.com/bolgebrygg/MalenoV/}},
    year = {2017},
    note = {Accessed: 13-02-2019}
}

@misc{lgplv3,
    title        = {GNU Lesser General Public License},
    version      = {3},
    shorthand    = {LGPL},
    organization = {Free Software Foundation},
    author       = {{Free Software Foundation}},
    howpublished = {\url{http://www.gnu.org/licenses/lgpl.html}},
    pagination   = {section},
    language     = {english},
    date         = {2007-06-29},
    year         = {2007}
}
